@book{guptamardjono2021,
      title     = "Indonesia Emas Berkelanjutan 2045: Kumpulan Pemikiran Pelajar Indonesia Sedunia Seri 1 Ekonomi ",
      author    = "Gupta, Krisna" AND "Mardjono, Enny Susilowati",
      year      = 2021,
      publisher = "LIPI Press",
      address   = "Jakarta",
      url       = "https://e-service.lipipress.lipi.go.id/press/catalog/book/357"
    }