@misc{AmantaGupta2022,
	author = {Felippa Amanta AND Krisna Gupta},
	title = {Trade for Economic Recovery: Import Policies to Support Indonesiaâ€™s F&B Sector},
	publisher = {Center for Indonesian Policy Studies},
	day = {16},
	month = {9},
	year = {2022},
	abstract = {}