@misc{misc,
  author       = {Krisna Gupta}, 
  title        = {How Investment and Trade Shape the Economic Transformation of Indonesia},
  howpublished = {PhD Thesis},
  month        = 8,
  year         = 2022,
  url          = {https://openresearch-repository.anu.edu.au/handle/1885/270149}
}