@misc{misc,
  author       = {Krisna Gupta}, 
  title        = {Hilirisasi dan Peningkatan Kompleksitas Ekonomi},
  howpublished = {Kompas},
  month        = 1,
  year         = 2024,
  url          = {https://www.kompas.id/baca/opini/2024/01/21/hilirisasi-dan-peningkatan-kompleksitas-ekonomi}
}