@conference{conference,
  author       = {Gupta, Krisna AND Bayu Sutjiatmo AND Muhamad Kurniawan}, 
  title        = {How Trumpâ€™s steel and aluminium tariff shapes future world trade},
  booktitle    = {Global Competitiveness: Business Transformation in the Digital Era},
  year         = 2018,
  editor       = {Ade Gafar Abdullah AND Isma Widiaty AND Cep Ubad Abdullah},
  volume       = 1,
  pages        = 324,
  address      = {London},
  month        = 9,
  publisher    = {Routledge}
  
}