






@article{doi:10.1080/00074918.2020.1747596,
author = {Krisna Gupta},
title = {The Importance of Financial Liberalisation to Economic Growth: The Case of Indonesia},
journal = {Bulletin of Indonesian Economic Studies},
volume = {0},
number = {ja},
pages = {1-32},
year  = {2020},
publisher = {Routledge},
doi = {10.1080/00074918.2020.1747596},

URL = { 
        https://doi.org/10.1080/00074918.2020.1747596
    
},
eprint = { 
        https://doi.org/10.1080/00074918.2020.1747596
    
}

}


