@misc{misc,
  author       = {Krisna Gupta}, 
  title        = {The trade balance and why we can't buy nice things},
  howpublished = {The Jakarta Post},
  month        = 4,
  year         = 2024,
  url          = {https://www.thejakartapost.com/opinion/2024/04/15/the-trade-balance-and-why-we-cant-buy-nice-things.html}
}