@conference{conference,
  author       = {Dhany Ratana AND Krisna Gupta}, 
  title        = {Can cryptocurrency help business to be more competitive?},
  booktitle    = {Global Competitiveness: Business Transformation in the Digital Era},
  year         = 2018,
  editor       = {Ade Gafar Abdullah AND Isma Widiaty AND Cep Ubad Abdullah},
  volume       = 1,
  pages        = 324,
  address      = {London},
  month        = 9,
  publisher    = {Routledge}
  
}