@misc{AmantaGupta2022,
	author = {Felippa Amanta AND Krisna Gupta},
	title = {Perdagangan untuk Pemulihan Ekonomi: Kebijakan Impor untuk Mendukung Sektor Makanan dan Minuman Indonesia},
	publisher = {Center for Indonesian Policy Studies},
	day = {16},
	month = {9},
	year = {2022},
	abstract = {}