@misc{misc,
  author       = {Donny Pasaribu AND Krisna Gupta}, 
  title        = {COVID-19 punishes Indonesian commodity exporters},
  howpublished = {East Asia Forum},
  month        = 7,
  year         = 2020,
  url          = {https://www.eastasiaforum.org/2020/06/16/indonesias-ppe-export-ban-backfires/}
}