@conference{conference,
  author       = {Gupta, Krisna AND Intan Vierke AND Arif Ibrahim AND Joni Suwandi AND Arifin Selowidodo}, 
  title        = {Boosting Global Competitiveness in Indonesia: is Industri 4.0 the answer?},
  booktitle    = {Global Competitiveness: Business Transformation in the Digital Era},
  year         = 2018,
  editor       = {Ade Gafar Abdullah AND Isma Widiaty AND Cep Ubad Abdullah},
  volume       = 1,
  pages        = 324,
  address      = {London},
  month        = 9,
  publisher    = {Routledge}
  
}