





















@article{doi:10.1080/00074918.2021.2016613,
author = {Krisna Gupta},
title = {The Heterogeneous Impact of Tariffs and Ntms on Total Factor Productivity for Indonesian Firms},
journal = {Bulletin of Indonesian Economic Studies},
volume = {59},
number = {2},
pages = {269-300},
year = {2023},
publisher = {Routledge},
doi = {10.1080/00074918.2021.2016613},


URL = { 
    
        https://doi.org/10.1080/00074918.2021.2016613
    
    

},
eprint = { 
    
        https://doi.org/10.1080/00074918.2021.2016613
    
    

}

}


