@incollection{gupta2020,
  author       = {Gupta, Krisna}, 
  title        = {Industri 4.0 sebagai solusi daya saing industri indonesia?},
  booktitle    = {Mewujudkan Indonesia 4.0: Kumpulan Pemikiran Pelajar Indonesia di Australia},
  publisher    = {Yayasan Pustaka Obor Indonesia},
  year         = 2020,
  editor       = {Irawan, Denny AND Jati, Wasisto R. AND Karnalim, Oscar AND Sidiq, Asrul},
  chapter      = 3,
  address      = {Jakarta}