@article{gupta23,
  author  = "Gupta, Krisna",
  title   = "Indonesia doubles down on nickel export bans and downstreaming",
  journal = "East Asia Forum Quarterly",
  year    = {2023},
  volume  = "15",
  number  = "4",
  pages   = "36--38",
  doi     = {10.22459/EAFQ.15.04.2023}
}