@article{SG24,
   author = {Syahputri, Evanti Andriani and Gupta, Krisna},
   title = {Analysis of the Effect of Indonesia-Japan Economic Partnership Agreement (IJEPA) on the Trade in Service Sector in Indonesia},
   journal = {Jurnal Manajemen Industri dan Logistik},
   volume = {8},
   number = {1},
   DOI = {10.30988/jmil.v8i1.1356},
   url = {https://jurnal.poltekapp.ac.id/index.php/JMIL/article/view/1356/pdf},
   year = {2024},
   type = {Journal Article}
}

