@incollection{gupta2020,
  author       = {Gupta, Krisna AND Choirinnida, Irma Tsuraya AND Taufik, Muhammad},
  title        = {Global Value Chain Impact on Indonesiaâ€™s Economy and the Way to Make It More Resilient},
  booktitle    = {Indonesia Post-Pandemic Outlook: Rethinking Health and Economics Post-COVID-19 },
  publisher    = {Penerbit BRIN},
  year         = 2022,
  editor       = {Sunjaya, Anthony Paulo AND Wang, Yoko Brigitte AND Sagita, Riani AND Sugiharti, Dwi},
  chapter      = 10,
  address      = {Jakarta}