






@article{Gupta2021,
author = {Krisna Gupta},
title = {The Importance of Financial Liberalisation to Economic Growth: The Case of Indonesia},
journal = {Bulletin of Indonesian Economic Studies},
volume = {57},
number = {2},
pages = {175-201},
year  = {2021},
publisher = {Routledge},
doi = {10.1080/00074918.2020.1747596},

URL = { 
        https://doi.org/10.1080/00074918.2020.1747596
    
},
eprint = { 
        https://doi.org/10.1080/00074918.2020.1747596
    
}

}


