@misc{misc,
  author       = {Krisna Gupta}, 
  title        = {3 Tahun Jokowi-Na'ruf: Jalan Terjal Pulihkan Ekonomi},
  howpublished = {SINDO News},
  month        = 10,
  year         = 2022,
  url          = {https://nasional.sindonews.com/read/917721/18/3-tahun-jokowi-maruf-jalan-terjal-pulihkan-ekonomi-1666242630}
}