@misc{misc,
  author       = {Donny Pasaribu AND Krisna Gupta}, 
  title        = {Will IA-CEPA be the boost to Australia-Indonesia relations leaders are banking on?},
  howpublished = {Indonesia at Melbourne},
  month        = 2,
  year         = 2020,
  url          = {https://indonesiaatmelbourne.unimelb.edu.au/will-ia-cepa-be-the-boost-to-the-australia-indonesia-relationship-leaders-are-banking-on/}
}