





@article{doi:10.1080/00074918.2021.2016613,
author = {Krisna Gupta},
title = {The Heterogenous Impact of Tariff and NTM on Total Factor Productivity of Indonesian Firms},
journal = {Bulletin of Indonesian Economic Studies},
volume = {0},
number = {ja},
pages = {1-29},
year  = {2022},
publisher = {Routledge},
doi = {10.1080/00074918.2021.2016613},

URL = { 
        https://doi.org/10.1080/00074918.2021.2016613
    
},
eprint = { 
        https://doi.org/10.1080/00074918.2021.2016613
    
}

}

