@misc{misc,
  author       = {Krisna Gupta}, 
  title        = {Managing investment, trade deficit: are omnibus laws panacea for growth?},
  howpublished = {The Jakarta Post},
  month        = 1,
  year         = 2020,
  url          = {https://www.thejakartapost.com/academia/2020/01/31/managing-investment-trade-deficit-are-omnibus-laws-panacea-for-growth.html}
}