@misc{HasranGupta2023,
	author = {Hasran AND Krisna Gupta},
	title = {https://www.cips-indonesia.org/publications/the-importance-of-trade-for-mses-in-the-indonesian-f%26b-sector},
	publisher = {Center for Indonesian Policy Studies},
	day = {30},
	month = {1},
	year = {2023},
	abstract = {}