@unpublished{gupta2020,
author = "Gupta, Krisna",
title = "The heterogenous impact of tariff and NTM on total factor productivity of Indonesian firms"
note = "Not Submitted",
DOI = "10.13140/RG.2.2.13503.53925",
}

