@misc{misc,
  author       = {Arianto Patunru AND Krisna Gupta}, 
  title        = {Indonesia's PPE export ban backfires},
  howpublished = {East Asia Forum},
  month        = 6,
  year         = 2020,
  url          = {https://www.eastasiaforum.org/2020/06/16/indonesias-ppe-export-ban-backfires/}
}