@misc{misc,
  author       = {Krisna Gupta AND Andree Surianta}, 
  title        = {IA-CEPA will not solve Indonesiaâ€™s FDI problem},
  howpublished = {East Asia Forum},
  month        = 8,
  year         = 2020,
  url          = {https://www.eastasiaforum.org/2020/08/05/ia-cepa-will-not-solve-indonesias-fdi-problem/}
}