@article{doi:10.1111/apel.12291,
author = {Gupta, Krisna},
title = {World Trade Evolution: Growth, Productivity and Employment - edited by Lili Yan Ing and Miaojie Yu},
journal = {Asian-Pacific Economic Literature},
volume = {34},
number = {1},
pages = {87-88},
doi = {10.1111/apel.12291},
url = {https://onlinelibrary.wiley.com/doi/abs/10.1111/apel.12291},
eprint = {https://onlinelibrary.wiley.com/doi/pdf/10.1111/apel.12291},
year = {2020}
}

