@misc{misc,
  author       = {Arianto Patunru AND Krisna Gupta}, 
  title        = {COVID-19 dan Anjloknya Indeks PMI Indonesia},
  howpublished = {},
  month        = 5,
  year         = 2020,
  url          = {https://www.covid19indonesia.net/indonesian-minister-of-industry}
}