@misc{misc,
  author       = {Krisna Gupta AND Deasy Pane}, 
  title        = {Restrictive regulations on foreign trade may hurt economy},
  howpublished = {The Jakarta Post},
  month        = 3,
  year         = 2021,
  url          = {https://www.thejakartapost.com/paper/2021/03/11/restrictive-regulations-on-foreign-trade-may-hurt-economy.html?fbclid=IwAR3bYw1xMauZtDXfM9cjtaZM65jhJgACvOUEIo0ITTeOg9mj1SP8DisRIjQ}
}